<?xml version="1.0" encoding="UTF-8"?><collection xmlns="http://www.loc.gov/MARC21/slim"><record><leader>00478nam--2200133-i-4500</leader><controlfield tag="001">000030522</controlfield><controlfield tag="002">20161230</controlfield><controlfield tag="005">20161230201038</controlfield><controlfield tag="008">060222s1000------------r-----000-0-eng-d</controlfield><datafield ind1=" " ind2=" " tag="080"><subfield code="a">681.3.06</subfield></datafield><datafield ind1=" " ind2=" " tag="100"><subfield code="a">Giumale, Cristian/S.A.</subfield></datafield><datafield ind1=" " ind2=" " tag="245"><subfield code="a">Lisp.programare(dm-lisp).probleme rezolvate.aplicatii complexe.manuale de referinta:lisp86 pentru micro-(felix pc,m216)si tc-lisp pentru minicalculatoare(coral,independent)</subfield></datafield><datafield ind1=" " ind2=" " tag="260"><subfield code="a">Bucuresti, Editura Tehnic, 1987. 304p</subfield></datafield><datafield ind1=" " ind2=" " tag="852"><subfield code="a">74583</subfield></datafield></record></collection>